@inproceedings{danelljan2014BMVC,
author = {Danelljan, Martin and H{\"{a}}ger, Gustav and Khan, Fahad and Felsberg, Michael},
booktitle = {British Machine Vision Conference, Nottingham, September 1-5, 2014},
organization = {BMVA Press},
title = {{Accurate scale estimation for robust visual tracking}},
year = {2014}
}

@article{kendall2017uncertainties,
  title={What uncertainties do we need in bayesian deep learning for computer vision?},
  author={Kendall, Alex and Gal, Yarin},
  journal={arXiv preprint arXiv:1703.04977},
  year={2017}
}

@misc{goodfellow2017ganlecture,
  author       = {Ian Goodfellow},
  title        = {Adversarial Examples and Adversarial Training},
  howpublished = {CS 231N Lecture Slides, Stanford University},
  year         = {2017}
}

@article{kingma2014adam,
  title={Adam: A method for stochastic optimization},
  author={Kingma, Diederik P and Ba, Jimmy},
  journal={arXiv preprint arXiv:1412.6980},
  year={2014}
}

@inproceedings{guo2017calibration,
  title={On calibration of modern neural networks},
  author={Guo, Chuan and Pleiss, Geoff and Sun, Yu and Weinberger, Kilian Q},
  booktitle={International Conference on Machine Learning},
  pages={1321--1330},
  year={2017},
  organization={PMLR}
}

@article{wilson2020bayesian,
  title={Bayesian deep learning and a probabilistic perspective of generalization},
  author={Wilson, Andrew Gordon and Izmailov, Pavel},
  journal={arXiv preprint arXiv:2002.08791},
  year={2020}
}

@article{trinh2020ibnn,
  title={Scalable Bayesian neural networks by layer-wise input augmentation},
  author={Trinh, Trung and Kaski, Samuel and Heinonen, Markus},
  journal={arXiv preprint arXiv:2010.13498},
  year={2020}
}

@inproceedings{rezende2015variational,
  title={Variational inference with normalizing flows},
  author={Rezende, Danilo and Mohamed, Shakir},
  booktitle={International conference on machine learning},
  pages={1530--1538},
  year={2015},
  organization={PMLR}
}

@article{kingma2018glow,
  title={Glow: Generative flow with invertible 1x1 convolutions},
  author={Kingma, Diederik P and Dhariwal, Prafulla},
  journal={arXiv preprint arXiv:1807.03039},
  year={2018}
}

@misc{eric2018NFtutorial,
  author       = {Eric Jang},
  title        = {Normalizing Flows Tutorial},
  howpublished = {https://blog.evjang.com/2018/01/nf1.html},
  year         = {2018}
}

@article{papamakarios2019normalizing,
  title={Normalizing flows for probabilistic modeling and inference},
  author={Papamakarios, George and Nalisnick, Eric and Rezende, Danilo Jimenez and Mohamed, Shakir and Lakshminarayanan, Balaji},
  journal={arXiv preprint arXiv:1912.02762},
  year={2019}
}

@inproceedings{alman2021refined,
  title={A refined laser method and faster matrix multiplication},
  author={Alman, Josh and Williams, Virginia Vassilevska},
  booktitle={Proceedings of the 2021 ACM-SIAM Symposium on Discrete Algorithms (SODA)},
  pages={522--539},
  year={2021},
  organization={SIAM}
}

@article{dinh2016density,
  title={Density estimation using real nvp},
  author={Dinh, Laurent and Sohl-Dickstein, Jascha and Bengio, Samy},
  journal={arXiv preprint arXiv:1605.08803},
  year={2016}
}

@inproceedings{gustafsson2020evaluating,
  title={Evaluating scalable bayesian deep learning methods for robust computer vision},
  author={Gustafsson, Fredrik K and Danelljan, Martin and Schon, Thomas B},
  booktitle={Proceedings of the IEEE/CVF Conference on Computer Vision and Pattern Recognition Workshops},
  pages={318--319},
  year={2020}
}