




@inproceedings{sun2019functional,
  title={Functional variational Bayesian neural networks},
  author={Sun, Shengyang and Zhang, Guodong and Shi, Jiaxin and Grosse, Roger},
  booktitle={ICLR},
  year={2019}
}
@article{wilson2020,
 author = {Wilson, Andrew Gordon},
 title = {The Case for {B}ayesian Deep Learning},
 year = {2020},
 journal = {arXiv:2001.10995},
}
@inproceedings{gustafsson2020,
 author = {Gustafsson, Fredrik and Danelljan, Martin and Sch{\"o}n, Thomas},
 title = {Evaluating Scalable {B}ayesian Deep Learning Methods for Robust Computer Vision},
 booktitle = {CVPRW},
 year = {2020},
}
@inproceedings{zhang2017,
 title = {Understanding deep learning requires rethinking generalization},
 booktitle = {ICLR},
 year = {2017},
 author = {Zhang, Chiyuan and Bengio, Samy and Hardt, Moritz and Recht, Benjamin and Vinyals, Oriol}
}
@inproceedings{louizos2017,
title = {Multiplicative Normalizing Flows for Variational {B}ayesian Neural Networks},
year = {2017},
booktitle = {ICML},
author = {Louizos, Christos and Welling, Max}
}
@article{oneill2020,
 title = {An Overview of Neural Network Compression},
 year = {2020},
 journal = {arXiv},
 author = {O'Neill, James}
}
@inproceedings{khan2018,
 title = {Fast and Scalable {B}ayesian Deep Learning by Weight-Perturbation in {A}dam},
 author = {Khan, Mohammad Emtiyaz and Nielsen, Didrik and Tangkaratt, Voot and Lin, Wu and Gal, Yarin and Srivastava, Akash},
 year = {2018},
 booktitle = {ICML},
}
@inproceedings{garipov18,
 title = {Loss Surfaces, Mode Connectivity, and Fast Ensembling of DNNs},
 author = {Garipov, Timur and Izmailov, Pavel and Podoprikhin, Dmitrii and Vetrov, Dmitry and Wilson, Andrew Gordon},
 year = {2018},
 booktitle = {NIPS},
}
@inproceedings{pradier2018,
 title = {Projected {BNN}s: {A}voiding weight-space pathologies by learning latent representations of neural network weights},
 author = {Pradier, Melanie and Pan, Weiwei and Yao, Jiayu and Ghosh, Soumya and Doshi-velez, Finale},
 booktitle = {NIPS workshop on {B}ayesian deep learning},
 year = {2018}
}

@inproceedings{alemi2018,
  title={Fixing a broken {ELBO}},
  author={Alemi, Alexander and Poole, Ben and Fischer, Ian and Dillon, Joshua and Saurous, Rif A and Murphy, Kevin},
  booktitle={ICML},
  year={2018},
}
@article{blei2017,
 author = {Blei, David and  Kucukelbir, Alp and McAuliffe, Jon},
 year = {2017},
 title = {Variational Inference: A Review for Statisticians},
 journal = {Journal of the American Statistical Association},
 volume = {112},
 issue = {518},
 pages = {859--877}
}
@inproceedings{polosukhin2017,
 author = {Polosukhin, Illia and Kaiser, Lukasz and Gomez, Aidan N. and Jones, Llion and Uszkoreit, Jakob and Parmar, Niki and Shazeer, Noam and Vaswani, Ashish},
 title = {Attention Is All You Need},
 year = {2017},
 booktitle = {NIPS}
}
@inproceedings{finzi2020,
 title = {Generalizing Convolutional Neural Networks for Equivariance to Lie Groups on Arbitrary Continuous Data},
 author = {Finzi, Marc and Stanton, Samuel and Izmailov, Pavel and Wilson, Andrew Gordon},
 booktitle = {ICML},
 year = {2020},
}
@article{wilson2020b,
 title = {Bayesian Deep Learning and a Probabilistic Perspective of Generalization},
 author = {Wilson, Andrew and Izmailov,Pavel},
 year = {2020},
 journal = {NIPS}
}

@article{izmailov2021,
 title = {What Are Bayesian Neural Network Posteriors Really Like?},
 author = {Izmailov, Pavel and Vikram, Sharad and Hoffman, Matthew and  Wilson, Andrew},
 year = {2021},
 journal = {arxiv}
}


@inproceedings{ma2019,
 title = {Variational Implicit Processes},
 author = {Ma, Chao and Li, Yingzhen and Hernández-Lobato,  José Miguel},
 year = {2019},
 booktitle = {ICML},
}
@inproceedings{maddox2019simple,
  title={A simple baseline for {B}ayesian uncertainty in deep learning},
  author={Maddox, Wesley J and Izmailov, Pavel and Garipov, Timur and Vetrov, Dmitry P and Wilson, Andrew Gordon},
  booktitle={NIPS},
  year={2019}
}
@inproceedings{izmailov2018,
 title = {Averaging Weights Leads to Wider Optima and Better Generalization},
 author = {Pavel Izmailov and Dmitry Podoprikhin and Timur Garipov and Dmitry Vetrov and Andrew Gordon Wilson},
 booktitle = {UAI},
 year = {2018},
}

@article{zhao2020,
title = "Probabilistic inference of {B}ayesian neural networks with generalized expectation propagation",
journal = "Neurocomputing",
volume = "412",
pages = "392--398",
year = "2020",
author = "Jing Zhao and Xiao Liu and Shaojie He and Shiliang Sun",
}

@inproceedings{ovadia2019,
title = {Can you trust your model's uncertainty? {E}valuating predictive uncertainty under dataset shift},
author = {Ovadia, Yaniv and Fertig, Emily and Ren, Jie and Nado, Zachary and Sculley, D. and Nowozin, Sebastian and Dillon, Joshua and Lakshminarayanan, Balaji and Snoek, Jasper},
booktitle = {NIPS},
year = {2019},
}

@article{papa21,
 title = {Normalizing Flows for Probabilistic Modeling and Inference},
 author = {Papamakarios, George and Nalisnick, Eric and Rezende, Danilo and Mohamed, Shakir and Lakshminarayana, Balaji},
 year = {2021},
 journal = {JMLR}
}


@article{trung2020,
 title = {Scalable Bayesian neural networks by layer-wise input augmentation},
 author = {Trung, Trinh and Heinonen, Markus and Kaski, Samuel},
 year = {2021},
 journal = {arxiv}
}
@article{karaletsos2018probabilistic,
      title={Probabilistic Meta-Representations Of Neural Networks}, 
      author={Theofanis Karaletsos and Peter Dayan and Zoubin Ghahramani},
      year={2018},
      journal = {arXiv},
}

@inproceedings{karaletsos2020hierarchical,
      title={Hierarchical {G}aussian Process Priors for {B}ayesian Neural Network Weights}, 
      author={Theofanis Karaletsos and Thang D. Bui},
      year={2020},
      booktitle={NIPS AABI Workshop}
}

@inproceedings{dusenberry2020,
  title={Efficient and Scalable {B}ayesian Neural Nets with Rank-1 Factors},
  author={Michael W. Dusenberry and Ghassen Jerfel and Yeming Wen and Yi-An Ma and Jasper Snoek and Katherine Heller and Balaji Lakshminarayanan and Dustin Tran},
  booktitle={ICML},
  year={2020}
}
@article{su2019,
  author={Su, Jiawei and Vargas, Danilo Vasconcellos and Kouichi, Sakurai},
  journal={IEEE Transactions on Evolutionary Computation}, 
  title={One Pixel Attack for Fooling Deep Neural Networks}, 
  year={2019},
  volume={23},
  number={5},
  pages={828-841},}
\article{zhao2020,
 author = {Zhao, J. and Liu, X. and He, S. and Sun, S.},
 title = {Probabilistic inference of {B}ayesian neural networks with generalized expectation propagation},
 journal = {Neurocomputing},
 year = {2020},
 volume = {412},
 pages = {392--398}
}
@inproceedings{vgg,
  title={Very deep convolutional networks for large-scale image recognition},
  author={Simonyan, Karen and Zisserman, Andrew},
  booktitle={ICLR},
  year={2015}
}
@article{wrn,
  title={Wide residual networks},
  author={Zagoruyko, Sergey and Komodakis, Nikos},
  journal={arXiv:1605.07146},
  year={2016}
}

@inproceedings{guo2017,
author = {Guo, Chuan and Pleiss, Geoff and Sun, Yu and Weinberger, Kilian Q.},
title = {On Calibration of Modern Neural Networks},
year = {2017},
booktitle = {ICML},
}

@article{brock2016orthogonalreg,
  author    = {Andrew Brock and
               Theodore Lim and
               James M. Ritchie and
               Nick Weston},
  title     = {Neural Photo Editing with Introspective Adversarial Networks},
  journal   = {CoRR},
  volume    = {abs/1609.07093},
  year      = {2016},
  url       = {http://arxiv.org/abs/1609.07093},
  archivePrefix = {arXiv},
  eprint    = {1609.07093},
  timestamp = {Mon, 13 Aug 2018 16:48:40 +0200},
  biburl    = {https://dblp.org/rec/journals/corr/BrockLRW16a.bib},
  bibsource = {dblp computer science bibliography, https://dblp.org}
}
@inproceedings{depeweg2017uncertainty,
  title={Uncertainty decomposition in {B}ayesian neural networks with latent variables},
  author={Depeweg, Stefan and Hern{\'a}ndez-Lobato, Jos{\'e} Miguel and Doshi-Velez, Finale and Udluft, Steffen},
  booktitle={ICML},
  year={2018}
}
@misc{goodfellow2014explaining,
    title={Explaining and Harnessing Adversarial Examples},
    author={Ian J. Goodfellow and Jonathon Shlens and Christian Szegedy},
    year={2014},
    eprint={1412.6572},
    archivePrefix={arXiv},
    primaryClass={stat.ML}
}
@inproceedings{khan2018fast,
  title={Fast yet simple natural-gradient descent for variational inference in complex models},
  author={Khan, Mohammad Emtiyaz and Nielsen, Didrik},
  booktitle={2018 International Symposium on Information Theory and Its Applications (ISITA)},
  pages={31--35},
  year={2018},
  organization={IEEE}
}
@inproceedings{blundell2015weight,
  title={Weight uncertainty in neural networks},
  author={Blundell, Charles and Cornebise, Julien and Kavukcuoglu, Koray and Wierstra, Daan},
  booktitle={ICML},
  year={2015}
}
@inproceedings{lakshminarayanan2017simple,
  title={Simple and scalable predictive uncertainty estimation using deep ensembles},
  author={Lakshminarayanan, Balaji and Pritzel, Alexander and Blundell, Charles},
  booktitle={NIPS},
  year={2017}
}

@inproceedings{tran2019bayesian,
  title={Bayesian layers: A module for neural network uncertainty},
  author={Tran, Dustin and Dusenberry, Mike and van der Wilk, Mark and Hafner, Danijar},
  booktitle={NIPS},
  pages={14633--14645},
  year={2019}
}

@inproceedings{dutordoir2019,
  title = {Bayesian Image Classification with Deep Convolutional Gaussian Processes},
  author = {Vincent Dutordoir and Mark van der Wilk and Artem Artemev and James Hensman},
  year = {2020},
  booktitle = {AISTATS},
}

@inproceedings{wenzel2020good,
  title={How Good is the {B}ayes Posterior in Deep Neural Networks Really?},
  author={Wenzel, Florian and Roth, Kevin and Veeling, Bastiaan S and Swiatkowski, Jakub and Tran, Linh and Mandt, Stephan and Snoek, Jasper and Salimans, Tim and Jenatton, Rodolphe and Nowozin, Sebastian},
  booktitle={ICML},
  year={2020}
}
@article{hegde2018variational,
  title={Variational zero-inflated Gaussian processes with sparse kernels},
  author={Hegde, Pashupati and Heinonen, Markus and Kaski, Samuel},
  journal={arXiv preprint arXiv:1803.05036},
  year={2018}
}
@article{andersen2014bayesian,
  title={Bayesian inference for structured spike and slab priors},
  author={Andersen, Michael R and Winther, Ole and Hansen, Lars K},
  journal={Advances in Neural Information Processing Systems},
  volume={27},
  pages={1745--1753},
  year={2014}
}
@article{tong2020learning,
  title={Learning Compositional Sparse Gaussian Processes with a Shrinkage Prior},
  author={Tong, Anh and Tran, Toan and Bui, Hung and Choi, Jaesik},
  journal={arXiv preprint arXiv:2012.11339},
  year={2020}
}
@article{zhao2021hierarchical,
  title={Hierarchical Non-Stationary Temporal Gaussian Processes With $ L\^{} 1$-Regularization},
  author={Zhao, Zheng and Gao, Rui and S{\"a}rkk{\"a}, Simo},
  journal={arXiv preprint arXiv:2105.09695},
  year={2021}
}
@article{finzi2020generalizing,
  title={Generalizing Convolutional Neural Networks for Equivariance to Lie Groups on Arbitrary Continuous Data},
  author={Finzi, Marc and Stanton, Samuel and Izmailov, Pavel and Wilson, Andrew Gordon},
  journal={arXiv preprint arXiv:2002.12880},
  year={2020}
}
@inproceedings{gal2016dropout,
  title={Dropout as a {B}ayesian approximation: Representing model uncertainty in deep learning},
  author={Gal, Yarin and Ghahramani, Zoubin},
  booktitle={ICML},
  year={2016}
}